% Encoding: UTF-8
@article{Li2015,
	title={Superpixel segmentation using linear spectral clustering},
	author={Z.~Li and J.~Chen},
	journal={in proc. CVPR},
	pages={1356--1363},
	year={2015}
}

@article{Chen2017,
	title={Linear spectral clustering superpixel},
	author={J.~Chen and Z.~Li and B.~Huang},
	journal={IEEE Trans Image Process},
	volume={26},
	number={7},
	pages={3317--3330},
	year={2017},
	publisher={IEEE}
}

@article{Yu2007,
	title={Transformation Model Estimation for Point Matching Via Gaussian Processes},
	author={X.~Yu and J.-W.~Tian and J.~Liu},
	journal={in proc. WCE},
	pages={265--268},
	year={2007}
}

@article{Gao2010,
	title={A survey of graph edit distance},
	author={X.~Gao and B.~Xiao and D.~Tao and X.~Li},
	journal={Pattern Anal Appl},
	volume={13},
	number={1},
	pages={113--129},
	year={2010},
	publisher={Springer}
}

@article{Neuhaus2006,
	title={Fast suboptimal algorithms for the computation of graph edit distance},
	author={M.~Neuhaus and K.~Riesen and H.~Bunke},
	journal={S+SSPR},
	pages={163--172},
	year={2006},
	organization={Springer}
}

@article{Morrison2015,
	title={Inexact graph matching using a hierarchy of matching processes},
	author={P.~Morrison and J.J.~Zou},
	journal={Computational Visual Media},
	volume={1},
	number={4},
	pages={291--307},
	year={2015},
	publisher={Springer}
}

@article{Frangi1998,
	title={Multiscale vessel enhancement filtering},
	author={A.F.~Frangi and W.J.~Niessen and K.L.~Vincken and M.A.~Viergever},
	journal={in proc. MICCAI},
	pages={130--137},
	year={1998},
	publisher={Springer}
}


@article{Lowe1999, 
	author={D.G.~Lowe}, 
	journal={in proc. ICCV}, 
	title={Object recognition from local scale-invariant features}, 
	year={1999}, 
	volume={2}, 
	pages={1150--1157}, 
	doi={10.1109/ICCV.1999.790410}}


@article{Hart1968,
	title={A formal basis for the heuristic determination of minimum cost paths},
	author={P.E.~Hart and N.J.~Nilsson and B.~Raphael},
	journal={IEEE Trans Syst Sci Cybern},
	volume={4},
	number={2},
	pages={100--107},
	year={1968},
	publisher={IEEE}
}

@article{Gulyanon2018a, 
	author={S.~Gulyanon and L.~He and W.D.~Tracey and G.~Tsechpenakis}, 
	journal={in proc. ISBI}, 
	title={Neurite tracking in time-lapse calcium images using {MRF}-modeled pictorial structures}, 
	year={2018}, 
	volume={}, 
	number={}, 
	pages={1564--1568},
	doi={10.1109/ISBI.2018.8363872}
}

@article{Gulyanon2019, 
	author={S.~Gulyanon and L.~He and W.D.~Tracey and G.~Tsechpenakis}, 
	journal={in proc. ISBI}, 
	title={Neuron Tracking in Calcium Image Stacks Using Accordion Articulations}, 
	year={2019}, 
	volume={}, 
	number={}, 
	pages={},
	doi={}
}

@article{Rueckert1999,
	Author = {D.~Rueckert and L.I.~Sonoda and C.~Hayes and D.L.G.~Hill and M.O.~Leach and D.J.~Hawkes},
	Doi = {10.1109/42.796284},
	Journal = {IEEE Trans Med Imag},
	Number = {8},
	Pages = {712--721},
	Title = {Nonrigid registration using free-form deformations: Application to breast {MR} images},
	Url = {https://doi.org/10.1109/42.796284},
	Volume = {18},
	Year = {1999},
}

@article{He2019,
	title = {Direction Selectivity in Drosophila Proprioceptors Requires the Mechanosensory Channel {Tmc}},
	journal = {Current Biology},
	volume = {29},
	number = {6},
	pages = {945--956.e3},
	year = {2019},
	issn = {0960-9822},
	doi = {https://doi.org/10.1016/j.cub.2019.02.025},
	url = {http://www.sciencedirect.com/science/article/pii/S0960982219301642},
	author = {L.~He and S.~Gulyanon and M.M.~Skanata and D.~Karagyozov and E.S.~Heckscher and M.~Krieg and G.~Tsechpenakis and M.~Gershow and W.D.~Tracey},
	keywords = {proprioception, mechanotransduction, microscopy, Tmc, sensory, behavior"},
}

@article{Grueber2002,
	Author = {W.B.~Grueber and L.Y.~Jan and Y.N.~Jan},
	Doi = {10.1242/jcs.206532},
	Issn = {0950-1991},
	Journal = {Development},
	Number = {12},
	Pages = {2867--2878},
	Title = {Tiling of the {Drosophila} epidermis by multidendritic sensory neurons},
	Url = {https://doi.org/10.1242/jcs.206532},
	Volume = {129},
	Year = {2002}}

@article{Yan2016,
	author = {J.~Yan and X.-C.~Yin and W.~Lin and C.~Deng and H.~Zha and X.~Yang},
	title = {A Short Survey of Recent Advances in Graph Matching},
	journal = {in proc. ICMR},
	year = {2016},
	isbn = {978-1-4503-4359-6},
	pages = {167--174},
	url = {http://doi.acm.org/10.1145/2911996.2912035},
	doi = {10.1145/2911996.2912035},
	keywords = {correspondence, graph matching, similarity, survey},
} 

@article{Glowacki2018, 
	author={P. {Głowacki} and M. A. {Pinheiro} and A. {Mosinska} and E. {Türetken} and D. {Lebrecht} and R. {Sznitman} and A. {Holtmaat} and J. {Kybic} and P. {Fua}}, 
	journal={TPAMI}, 
	title={Reconstructing Evolving Tree Structures in Time Lapse Sequences by Enforcing Time-Consistency}, 
	year={2018}, 
	volume={40}, 
	number={3}, 
	pages={755-761}, 
	keywords={image reconstruction;image sequences;integer programming;quadratic programming;trees (mathematics);time lapse sequences;time-consistency;curvilinear tree structures;road networks;2D aerial images;neural structures;3D microscopy stacks;temporal consistency;Quadratic Mixed Integer Program;available visual clues;linear structures;Image edge detection;Image reconstruction;Linear programming;Electronic mail;In vivo;Topology;Joining processes;Curvilinear networks;tubular structures;curvilinear structures;automated reconstruction;temporal consistency;integer programming}, 
	doi={10.1109/TPAMI.2017.2680444}, 
	ISSN={0162-8828}, 
	month={March},}